@ARTICLE{jQuery,
	author = {Marco Trombino},
	title = {You might not need jQuery: A 2018 Performance case study},
	year = {2018},
	month = {May},
	day = {19},
	note={\url{https://medium.com/@trombino.marco/you-might-not-need-jquery-a-2018-performance-case-study-aa6531d0b0c3}}
}

@ARTICLE{ajaxForms,
	author = {Last update by: peterschussheim},
	title = {Sending forms through JavaScript},
	year = {2018},
	month = {Aug},
	publisher = {Mozilla Developer Network (MDN web docs)},
	note={\url{https://developer.mozilla.org/en-US/docs/Learn/HTML/Forms/Sending_forms_through_JavaScript}}
}

@ARTICLE{express,
	author = {N/A},
	title = {Node.js - Express Framework},
	publisher = {Tutorials Point - NodeJS)},
	note={\url{https://www.tutorialspoint.com/nodejs/nodejs_express_framework.htm}}
}

@ARTICLE{body-parser,
	author = {dougwilson},
	title = {body-parser module},
	publisher = {NPM - Node Package Manager)},
	note={\url{https://www.npmjs.com/package/body-parser}}
}

@ARTICLE{path,
	author = {N/A},
	title = {path module},
	publisher = {Nodejs.org)},
	note={\url{https://nodejs.org/docs/latest/api/path.html}}
}

@ARTICLE{twitter,
	author = {desmondmorris},
	title = {twitter module},
	publisher = {NPM - Node Package Manager)},
	note={\url{https://www.npmjs.com/package/twitter}}
}

@ARTICLE{twitterAPI,
	author = {Twitter},
	title = {Getting started with the Twitter APIs},
	publisher = {Twitter Developer Platform)},
	note={\url{https://developer.twitter.com/en/docs/basics/getting-started}}
}

@ARTICLE{woeid,
	author = {Ross Elliot},
	title = {Getting the WOEID of a location},
	publisher = {Ross Elliot)},
	note={\url{http://woeid.rosselliot.co.nz/}}
}

@ARTICLE{webhooks,
	author = {Twitter},
	title = {Getting started with webhooks},
	publisher = {Twitter Developer Platform)},
	note={\url{https://developer.twitter.com/en/docs/accounts-and-users/subscribe-account-activity/guides/getting-started-with-webhooks}}
}

@ARTICLE{heroku,
	author = {Heroku},
	title = {Learn about building, deploying, and managing your apps on Heroku},
	publisher = {Heroku Dev Center)},
	note={\url{https://devcenter.heroku.com/}}
}

@ARTICLE{herokuDeploy,
	author = {Heroku},
	title = {Deploying with Git},
	publisher = {Heroku Dev Center)},
	note={\url{https://devcenter.heroku.com/articles/git}}
}

@ARTICLE{html5,
	author = {W3 Schools},
	title = {HTML5 Introduction},
	publisher = {W3schools.com)},
	note={\url{https://www.w3schools.com/html/html5_intro.asp}}
}

@ARTICLE{css,
	author = {W3 Schools},
	title = {CSS Tutorial},
	publisher = {W3schools.com)},
	note={\url{https://www.w3schools.com/css/}}
}

@ARTICLE{javascript,
	author = {Pluralsight},
	title = {Ready to try Javascript?},
	publisher = {Javascript.com)},
	note={\url{https://www.javascript.com/}}
}

@ARTICLE{nodejs,
	author = {NodeJS},
	title = {Node.jsÂ® is a JavaScript runtime built on Chrome's V8 JavaScript engine},
	publisher = {nodejs.org)},
	note={\url{https://nodejs.org/en/}}
}

@ARTICLE{ajax,
	author = {W3 Schools},
	title = {AJAX Introduction},
	publisher = {W3schools.com)},
	note={\url{https://www.w3schools.com/js/js_ajax_intro.asp}}
}


